@ARTICLE{Chandrasekhar1969-ny,
  title     = "Ellipsoidal figures of equilibrium",
  author    = "Chandrasekhar, Subrahmanyan",
  publisher = "Yale Univ. Press",
  year      =  1969
}

